<?xml version="1.0" encoding="UTF-8"?><record xmlns="http://www.loc.gov/MARC21/slim" xmlns:cinclude="http://apache.org/cocoon/include/1.0" xmlns:zs="http://www.loc.gov/zing/srw/">
  <leader>00846cz  a2200217n  4500</leader>
  <controlfield tag="001">nr 95029966 </controlfield>
  <controlfield tag="003">DLC</controlfield>
  <controlfield tag="005">20081011203831.0</controlfield>
  <controlfield tag="008">950815n| acannaabn          |b aaa     c</controlfield>
  <datafield tag="010" ind1=" " ind2=" ">
    <subfield code="a">nr 95029966 </subfield>
  </datafield>
  <datafield tag="035" ind1=" " ind2=" ">
    <subfield code="a">(OCoLC)oca03900692</subfield>
  </datafield>
  <datafield tag="040" ind1=" " ind2=" ">
    <subfield code="a">NNC</subfield>
    <subfield code="b">eng</subfield>
    <subfield code="c">NNC</subfield>
    <subfield code="d">DLC</subfield>
    <subfield code="d">WU</subfield>
    <subfield code="d">OCoLC</subfield>
    <subfield code="d">DLC</subfield>
    <subfield code="d">OCoLC</subfield>
  </datafield>
  <datafield tag="100" ind1="1" ind2=" ">
    <subfield code="a">Gostev, R. G.</subfield>
  </datafield>
  <datafield tag="400" ind1="1" ind2=" ">
    <subfield code="a">Gostev, Ruslan Georgievich</subfield>
  </datafield>
  <datafield tag="400" ind1="1" ind2=" ">
    <subfield code="a">Гостев, Р. Г.</subfield>
  </datafield>
  <datafield tag="667" ind1=" " ind2=" ">
    <subfield code="a">Machine-derived non-Latin script reference project.</subfield>
  </datafield>
  <datafield tag="667" ind1=" " ind2=" ">
    <subfield code="a">Non-Latin script reference not evaluated.</subfield>
  </datafield>
  <datafield tag="670" ind1=" " ind2=" ">
    <subfield code="a">Zhertvy bezzakonii︠a︡, 1994:</subfield>
    <subfield code="b">t.p. (d-r ist. nauk, prof. R.G. Gostev)</subfield>
  </datafield>
  <datafield tag="670" ind1=" " ind2=" ">
    <subfield code="a">Globalizat︠s︡ii︠a︡, 2002:</subfield>
    <subfield code="b">t.p. (Ruslan Gostev)</subfield>
  </datafield>
  <datafield tag="670" ind1=" " ind2=" ">
    <subfield code="a">dumapriem.narod.ru/persons/gostevrg</subfield>
    <subfield code="b">(Gostev Ruslan Georgievich)</subfield>
  </datafield>
  <datafield tag="670" ind1=" " ind2=" ">
    <subfield code="a">Sport i zakonodatelʹstvo, 2001:</subfield>
    <subfield code="b">t.p. (Ruslan Gostev) p. 4 of cover (b. 1945)</subfield>
  </datafield>
</record>